@techreport{ISO29119,
type = {Standard},
key = {ISO 29119-4:2015},
month = mar,
year = {2015},
title = {{Software and systems engineering - Software
testing - Part 4: Test techniques}},
volume = {},
address = {Geneva, CH},
institution = {International Organization for Standardization}
}

