@MISC{neuron_site,
  author = {Utkarsh Sinha},
  title  = "{First artificial neurons: The McCulloch-Pitts model}",
  year   = 2019,
  note   = {[Online] \url{https://webvision.med.utah.edu/book/part-ix-brain-visual-areas/the-primary-visual-cortex/}. Último acesso a 25 de Maio de 2019}
}

@MISC{cortex_site,
  author = {Matthew Schmolesky},
  title  = "{The Primary Visual Cortex By Matthew Schmolesky}",
  year   = 2007,
  note   = {[Online] \url{https://webvision.med.utah.edu/book/part-ix-brain-visual-areas/the-primary-visual-cortex/}. Último acesso a 25 de Maio de 2019}
}

@MISC{cells,
  author = {David Heeger},
  title  = "{Perception Lecture Notes: LGN and V1}",
  year   = 2006,
  note   = {[Online] \url{https://www.cns.nyu.edu/~david/courses/perception/lecturenotes/V1/lgn-V1.html}. Último acesso a 25 de Maio de 2019}
}

@incollection{via_visual_primaria,
title = "Chapter 13 - Visual Pathway",
editor = "Lee Ann Remington",
booktitle = "Clinical Anatomy and Physiology of the Visual System (Third Edition)",
publisher = "Butterworth-Heinemann",
edition = "Third Edition",
address = "Saint Louis",
pages = "233 - 252",
year = "2012",
isbn = "978-1-4377-1926-0",
doi = "https://doi.org/10.1016/B978-1-4377-1926-0.10013-X",
url = "http://www.sciencedirect.com/science/article/pii/B978143771926010013X",
author = "Lee Ann Remington"
}

@MISC{kernel,
  author = {MLNotebook},
  title  = "{Convolutional Neural Networks - Basics}",
  year   = 2017,
  note   = {[Online] \url{https://mlnotebook.github.io/post/CNN1/}. Último acesso a 27 de Maio de 2019}
}

@MISC{pool,
  author = {Sumit Saha},
  title  = "{A Comprehensive Guide to Convolutional Neural Networks — the ELI5 way}",
  year   = 2018,
  note   = {[Online] \url{https://towardsdatascience.com/a-comprehensive-guide-to-convolutional-neural-networks-the-eli5-way-3bd2b1164a53}. Último acesso a 27 de Maio de 2019}
}

@MISC{fully,
  author = {Prabhu},
  title  = "{Understanding of Convolutional Neural Network (CNN) — Deep Learning}",
  year   = 2018,
  note   = {[Online] \url{https://medium.com/@RaghavPrabhu/understanding-of-convolutional-neural-network-cnn-deep-learning-99760835f148}. Último acesso a 27 de Maio de 2019}
}

% Artigo em Journal
@article{friis,
	abstract = {A simple transmission formula for a radio circuit is derived. The utility of the formula is emphasized and its limitations are discussed.},
	author = {Friis, H. T. },
	citeulike-article-id = {1475019},
	journal = {Proceedings of the IRE},
	keywords = {basics, propagation},
	number = {5},
	pages = {254--256},
	posted-at = {2007-07-23 13:25:12},
	priority = {2},
	title = {A Note on a Simple Transmission Formula},
	volume = {34},
	year = 1946
}

@MISC{ar_site,
  author = {Aleix Martinez e Robert Benavente},
  title  = "{AR Face Database Webpage}",
  year   = 1998,
  note   = {[Online] \url{http://www2.ece.ohio-state.edu/~aleix/ARdatabase.html}. Último acesso a 28 de Maio de 2019}
}