@MISC{principios,
  author = {Michael Kassner},
  title  = "{5 ethics principles big data analysts must follow}",
  year   = 2017,
  note   = {[Online] \url{https://www.techrepublic.com/article/5-ethics-principles-big-data-analysts-must-follow/}. Último acesso a 01 de janeiro de 2020}
}

@MISC{etica,
  author = {UKEssays},
  title  = "{Database Management: Law, Ethics and Security}",
  year   = 2018,
  note   = {[Online] \url{https://www.ukessays.com/essays/computer-science/database-management-law-ethics-9552.php?vref=1}. Último acesso a 01 de janeiro de 2020}
}

https://en.wikipedia.org/wiki/Facebook%E2%80%93Cambridge_Analytica_data_scandal


https://www.observeit.com/blog/importance-data-misuse-prevention-and-detection/

https://www.studocu.com/en/document/charles-sturt-university/database-systems/lecture-notes/chapter-21-professional-legal-and-ethical-issues-in-data-management/4296346/view